1844 2438
201 621 1488 126 Io son molto obbligato al S.e Appostolo Zeno,

217 721 1454 132 che rappresentandomele per quello che

225 826 1499 108 veram.te non sono, ma ch’egli e i miei buo-

223 904 1492 136 ni Amici mi desiderano, ha saputo acqui-

207 1013 1484 112 starmi l’amore di V.S.Illma, e promovermi

225 1099 1452 132 pel mezzo della nostra nuova letteraria

227 1204 1458 118 Corrispondenza una bella occasione di

229 1298 1444 116 approffittarmi nello studio dell’Antichità.

191 1383 1533 134 Ad altra cagione non deve VS. Illma attribuire

229 1481 1480 113 la mia risoluzione di trasmetterle le 4.

223 1568 1499 130 Icrizzioni, che alla volontà mia di contrase-

227 1665 1476 112 gnarle seben poccam.te l’alta stima che Io

219 1743 1488 144 sempre ho fatto della sua molta erudizione

223 1846 1486 120 e la riverenza con cui riguardava il grande

215 1934 1498 120 suo merito appo la Republica letteraria. Spiace-

225 2033 1488 120 mi di non aver talento di far ciò publicam.

215 2127 1492 201 che lo farei di buona voglia, e mi stimarei
