1868 2579
174 859 1511 97 All’impacienza della mia Divozione, che

208 947 1432 99 sospira incontri di rassegnarsi al merito di

212 1023 1505 120 V.S. Illma, giugne opportuna l’occasione dell’

206 1117 1502 125 iminenti feste del S. Natale. Auguro queste

199 1201 1387 129 alla sua stimatiss.ma Persona accompagnate

206 1298 1502 124 da quella felicità che può bramarsi la Gene-

206 1394 1485 114 rosità del suo Cuore, assicurandola assieme dell’

199 1476 1443 118 ardente desiderio da me nodrito de’ suoi riv.ti

189 1577 1539 105 comandam.ti Se mi sarà dato dalla di Lei

195 1665 1496 108 soma Gentilezza l’onore di questi, mi verrà an-

193 1758 1494 118 che concesso il farmi sempree più conoscere

182 1852 1206 110 quale veram.te sono, e mi raffermo

187 2011 1481 99 Con cui mi rallegro dell’applauso, che giustam.te riporta

223 2078 1438 90 Il libro suo ultimam.te pubblicato in Pad.a, desiderando

217 2144 1470 84 che venghi a Lei soministrato il modo di metter in luce

225 2202 1397 95 quello che ha gia pronto per la stampa d’Anecdoti latini
