1586 2030
184 422 1268 90 Non mi è sortito di ricavare dove si attrovi la iscriz-

235 497 1217 74 zione atletica motivata a V.S. Illma con altra mia,

226 558 1229 81 dicendomi quello che me la comunicò, di averla

230 627 1210 81 avuta da Persona che soggiornò per molto tempo

225 691 1206 85 nella Grecia, e già tre o quatr’anni dopo il suo

230 762 1210 70 ritorno a Venezia morì. Viene moderato il

240 822 1224 93 dispiacere, che ho di non poterla servire in questa,

243 891 1204 90 dalla Fortuna che mi si offerisce presentemente

247 962 1198 85 di comunicar seco Lei altra iscrizzione greca

245 1015 1202 111 datami l’altro giorno dal D.r Bon, al qle fù, po-

242 1091 1223 91 chi mesi sono, trasmessa da N.V. che si attrova

245 1168 1200 82 pubblico Rappresentante in Argo. Non tralascio

243 1234 1222 88 con questa occasione di avvisarla, che il D.r Bianchi

243 1309 1216 84 Veronese per quanto mi asserisce questo Console

247 1377 1200 87 di Ollanda ha una raccolta d’iscrizzioni antiche

247 1441 1210 88 che sono nel Veronese non ancor pubblicate, e che mai

240 1517 1224 83 egli pubblicarà, perché se ha ella alcun Amico in Verona,

240 1596 1225 78 procuri, quando già non l’auesse auuta, di farne l’

230 1654 1240 91 acquisto per mezzo suo. Dissemi il nostro S.e Appostolo Zeno

243 1722 1232 83 di adoperarsi a questo fine con uno, non so se col M.e Maf-
