2242 3053
165 674 1970 150 Il S. Strycher Console d’Ollanda qui in Ven.a ha commu-

208 803 1922 163 nicato meco una iscrizzione antica non ancor pub-

216 903 1275 145 blicata perquanto jo so, ed è la seg.te

170 1394 1914 211 Il Sen.r Cupero la mandò, non è molto, al sud. S.e, e disse

173 1518 1890 186 d’averla trascritta da mss. di Marquardio Cudio.

165 1638 1934 203 Se nella prima linea si deve leggere Mulebris, ò Mu-

162 1730 1940 218 liebris, non vi è dubbio, che si conserva in essa la me-

160 1844 1936 198 moria del Senato Muliebre fatto, come riferisce Lam-

160 1936 1954 211 pridio c. 9; da Eliogabalo nel Colle Quirinale. Qualun-

157 2068 1950 170 pridio c. 9; da Eliogabalo nel Colle Quirinale. Qualun-

160 2172 1936 166 e le avanzo assieme un testimonio della mia attenzio-

162 2271 1934 173 ne ad incontrar dove posso il suo bel Genio. É suppli-

160 2404 1906 155 cata ad onorarmi del suo cortese aggradim.to, della

155 2506 1924 150 continuazione della sua padronanza, e a conside-
