1886 2554
161 686 1527 152 Il S.re Appostolo Zeno mi ha favorito l’altro hieri di

223 840 1458 83 lasciarmi vedere, trovandomi in casa sua,

242 919 1448 108 il Tomo 2. dell’opera da V.S. Illma stampata

255 1010 1439 96 della Riforma della Poesia Italiana; per dir

259 1119 1441 92 il vero Io mi son grandem.te consolato ch’ella

255 1202 1460 115 anche in tal materia già disperata a nostri tem-

253 1298 1469 102 pi dia al mondo nuovo sagio del suo molto sa-

257 1389 1441 119 pere, attendendo ad apportar alla Repubblica

253 1487 1462 102 letteraria non minor utilità dell’onore che fa

249 1574 1477 118 alla nostra Italia con le sue dotte fatiche. Non

261 1677 1441 119 posso però di meno con la pnte di protestarle,

244 1775 1469 104 che come io sono del num. di quelli, che sono

246 1870 1471 111 interessatiss.mi per la sua Gloria, cosi sospiro che

240 1966 1488 109 siegua in brieve la pubblicazione dell’opera stessa,

249 2062 1494 104 perchè sia fatta Giustizia alla sua Riverita Persona.

242 2145 1494 100 La supplico con tal occasione, tosto che riceva dal

244 2228 1499 138 P. Pedrusi qualche risposta in proposito della iscriz-
