1960 2463
189 554 1573 104 Un Letterato mio Padrone desiderarebbe avere la scrittu-

219 630 1504 115 ra, che già tempo si pubblicò in difesa delle ragioni di

213 711 1545 114 cod.ta sereniss.ma Casa contro la lettera di Roma, per unirla

217 798 1539 109 ad altre scritture da lui raccolte dello stesso argomento,

219 892 1554 111 e però mi ha pregato a volergliene procurare di costà

234 979 1530 106 un esemplare. Non potendo jo far di meno di non

225 1063 1515 100 compiacerlo, mi trovo costretto ad avanzare a V.S. Illma

228 1139 1540 123 nella pnte le mie supplicazioni, perchè vogli ella con la

215 1233 1539 117 solita sua Bontà favorirmi di trasmettermelo per la posta,

225 1313 1527 119 avvisandomi assieme quale ne sia il costo, e in mano di

225 1393 1545 129 chi dovrò pagare il mio debito. Perdoni la confidenza,

234 1475 1512 130 con cui dopo n lungo silenz ardisco d’importunarla

228 1566 1551 112 e divertirla forse dalle sue letterarie occupazioni, e

236 1648 1539 127 avendo qualche riguardo cortese a quella divozione

232 1736 1532 117 che costantem.te le professo, e assicurandosi che in

240 1830 1533 111 qualunque congiontura, per quanto si potrà esten-

244 1914 1529 113 dere la mia debolezza, non trascurarò di corrispon-

246 1984 941 99 delle, e rimostrarle che sono
