<?xml version="1.0" encoding="UTF-8"?>
<alto xmlns:xsi="http://www.w3.org/2001/XMLSchema-instance"
      xmlns="http://www.loc.gov/standards/alto/ns-v4#"
      xsi:schemaLocation="http://www.loc.gov/standards/alto/ns-v4# http://www.loc.gov/standards/alto/v4/alto-4-2.xsd">
  <Description>
    <MeasurementUnit>pixel</MeasurementUnit>
    <sourceImageInformation>
      <fileName>astori_letters_1-07.jpeg</fileName>
      
    </sourceImageInformation>
  </Description>
  
  <Tags>
    <OtherTag ID="BT1" LABEL="Title" DESCRIPTION="block type Title"/><OtherTag ID="BT2" LABEL="Main" DESCRIPTION="block type Main"/><OtherTag ID="BT3" LABEL="Commentary" DESCRIPTION="block type Commentary"/><OtherTag ID="BT4" LABEL="Illustration" DESCRIPTION="block type Illustration"/>
    <OtherTag ID="LT1" LABEL="Main" DESCRIPTION="line type Main"/><OtherTag ID="LT2" LABEL="Numbering" DESCRIPTION="line type Numbering"/><OtherTag ID="LT3" LABEL="Correction" DESCRIPTION="line type Correction"/><OtherTag ID="LT4" LABEL="Signature" DESCRIPTION="line type Signature"/>
  </Tags>
  
  <Layout>
    <Page WIDTH="1901"
          HEIGHT="2463"
          PHYSICAL_IMG_NR="6"
          ID="eSc_dummypage_">
      <PrintSpace HPOS="0"
                  VPOS="0"
                  WIDTH="1901"
                  HEIGHT="2463">
        
        <TextBlock HPOS="186"
                   VPOS="467"
                   WIDTH="1567"
                   HEIGHT="1870"
                   ID="eSc_textblock_9ec490c8"
                   >
          <Shape><Polygon POINTS="1703 500 1744 818 1728 851 1605 892 1712 935 1744 993 1728 1631 1753 1683 1753 2009 1695 2058 1541 2075 1482 2124 1687 2200 1736 2329 1262 2337 1104 2255 796 2255 687 2206 279 2206 279 1763 186 1763 189 1745 196 1678 227 1592 287 1549 279 1157 213 1106 197 1048 270 646 246 509 262 484 500 467 1391 467 1671 476"/></Shape>
          
        </TextBlock>
        
        <TextBlock HPOS="10"
                   VPOS="2044"
                   WIDTH="10"
                   HEIGHT="7"
                   ID="eSc_textblock_977b7b0c"
                   >
          <Shape><Polygon POINTS="10 2051 10 2044 20 2044 20 2051"/></Shape>
          
        </TextBlock>
        
        <TextBlock HPOS="23"
                   VPOS="2041"
                   WIDTH="16"
                   HEIGHT="3"
                   ID="eSc_textblock_9b38f981"
                   >
          <Shape><Polygon POINTS="23 2044 23 2041 39 2041 39 2044"/></Shape>
          
        </TextBlock>
        

        
        <TextBlock ID="eSc_dummyblock_">
          
          
          <TextLine ID="eSc_line_c2f36c86"
                    
                    BASELINE="285 644 1677 619" 
                    HPOS="277"
                    VPOS="560"
                    WIDTH="1400"
                    HEIGHT="94">
            <Shape><Polygon POINTS="285 644 277 605 309 580 309 580 312 580 312 580 314 580 314 580 314 580 316 580 316 580 318 580 318 580 318 580 320 580 342 595 369 584 369 584 371 584 371 584 373 584 373 584 373 584 375 584 375 584 377 584 377 584 398 601 437 578 437 578 437 578 439 578 439 578 439 578 441 578 441 578 511 589 548 576 550 576 550 576 550 576 683 574 685 574 685 574 687 574 687 574 687 574 689 574 724 595 860 595 952 591 989 568 991 568 991 568 993 568 993 568 995 568 1049 568 1049 568 1049 568 1051 568 1051 568 1051 568 1090 587 1133 566 1133 566 1135 566 1135 566 1135 566 1137 566 1137 566 1207 576 1254 564 1256 564 1256 564 1258 564 1258 564 1258 564 1260 564 1260 564 1262 564 1262 564 1291 587 1324 587 1443 560 1443 560 1443 560 1445 560 1445 560 1447 560 1447 560 1504 580 1619 570 1619 570 1621 570 1621 570 1673 580 1677 619 1675 634 1496 628 1455 638 1445 640 1443 640 1443 640 1441 640 1404 638 1287 632 1233 640 1211 644 1211 644 1211 644 1209 644 1209 644 1188 642 1143 634 1028 644 966 648 966 648 964 648 903 646 810 640 800 646 796 650 796 650 794 650 794 650 792 650 792 650 792 650 790 650 790 650 790 650 788 650 788 650 780 646 765 640 749 646 739 652 739 652 739 652 736 652 736 652 736 654 285 654"/></Shape>
	    <String CONTENT="me sino dall’ora quando l’ebbi nelle mie"
                    HPOS="277"
                    VPOS="560"
                    WIDTH="1400"
                    HEIGHT="94"></String>
          </TextLine>

          
          
          <TextLine ID="eSc_line_78088760"
                    
                    BASELINE="277 722 1687 712" 
                    HPOS="270"
                    VPOS="644"
                    WIDTH="1417"
                    HEIGHT="105">
            <Shape><Polygon POINTS="277 722 270 681 338 652 338 652 340 652 340 652 342 652 457 652 457 652 457 652 459 652 459 652 459 652 511 677 552 650 554 650 554 650 554 650 556 650 556 650 558 650 591 650 591 650 591 650 593 650 593 650 593 650 595 650 595 650 615 667 665 656 665 656 665 656 667 656 667 656 669 656 669 656 669 656 671 656 697 675 769 654 771 654 771 654 771 654 773 654 987 673 1014 650 1014 648 1014 648 1016 648 1016 648 1018 648 1018 648 1018 648 1120 646 1122 646 1176 646 1176 646 1176 646 1178 646 1178 646 1178 646 1180 646 1213 669 1244 646 1246 646 1246 646 1246 646 1248 646 1248 646 1250 646 1289 646 1289 646 1289 646 1291 646 1291 646 1291 646 1293 646 1293 646 1322 671 1457 671 1494 644 1496 644 1496 644 1496 644 1498 644 1498 644 1498 644 1500 644 1500 644 1502 644 1502 644 1502 644 1504 644 1504 644 1535 671 1683 671 1687 712 1685 734 1350 740 1348 740 1348 740 1346 740 1338 738 1281 722 1219 738 1217 738 1217 738 1217 738 1215 738 1215 738 1215 738 1215 738 1213 738 1213 738 1211 738 1180 720 1081 732 1081 732 1079 732 849 722 771 722 730 743 730 743 730 743 728 743 728 743 726 743 726 743 726 743 724 743 724 743 677 724 560 724 476 736 476 736 474 736 474 736 474 736 472 736 435 726 410 747 410 747 410 747 408 747 408 747 408 747 406 747 406 747 406 749 277 749"/></Shape>
	    <String CONTENT="schede. Tuttavia mi da da dubitare che non"
                    HPOS="270"
                    VPOS="644"
                    WIDTH="1417"
                    HEIGHT="105"></String>
          </TextLine>

          
          
          <TextLine ID="eSc_line_b9af7c9e"
                    
                    BASELINE="264 814 1736 798" 
                    HPOS="260"
                    VPOS="730"
                    WIDTH="1476"
                    HEIGHT="117">
            <Shape><Polygon POINTS="264 814 260 769 320 757 320 757 320 757 322 757 322 757 324 757 353 765 394 747 394 747 396 747 396 747 396 747 398 747 398 747 398 747 474 763 724 753 726 753 726 753 726 753 728 753 728 753 747 761 765 745 765 745 767 745 767 745 767 745 769 745 769 745 851 738 854 738 973 738 973 738 973 738 975 738 975 738 977 738 1007 757 1059 740 1061 740 1061 740 1061 740 1063 740 1063 740 1065 740 1065 740 1065 740 1098 757 1164 740 1166 740 1166 740 1168 740 1168 740 1285 755 1326 740 1326 740 1328 740 1328 740 1549 730 1552 730 1638 730 1638 730 1638 730 1732 753 1736 798 1734 829 1662 812 1621 812 1591 831 1588 833 1586 833 1586 833 1584 833 1584 833 1584 833 1461 835 1459 835 1459 835 1457 835 1457 835 1457 835 1455 835 1453 833 1408 806 1356 806 1301 835 1297 837 1297 837 1297 837 1295 837 1295 837 1295 839 1213 839 1211 837 1211 837 1203 837 1122 816 1069 829 1067 829 1067 829 1065 829 1065 829 966 812 915 827 913 827 913 827 913 827 911 827 648 816 564 839 562 839 562 839 560 839 560 839 560 839 482 823 394 831 394 831 392 831 392 831 390 831 344 818 266 847"/></Shape>
	    <String CONTENT="possi essere errore dello scultore, perchè il primo"
                    HPOS="260"
                    VPOS="730"
                    WIDTH="1476"
                    HEIGHT="117"></String>
          </TextLine>

          
          
          <TextLine ID="eSc_line_1851d446"
                    
                    BASELINE="262 901 1471 894" 
                    HPOS="254"
                    VPOS="839"
                    WIDTH="1217"
                    HEIGHT="88">
            <Shape><Polygon POINTS="262 901 254 859 279 845 281 845 281 845 281 845 283 845 283 845 285 845 285 845 400 857 412 857 414 857 445 843 445 843 447 843 447 843 449 843 505 843 505 843 505 843 507 843 507 843 507 843 509 843 509 843 509 845 519 855 523 859 564 859 568 853 578 845 578 843 578 843 580 843 580 843 580 843 583 843 583 843 585 843 706 843 706 843 706 843 708 843 708 843 708 843 710 843 710 843 710 845 718 851 722 855 763 851 829 843 829 843 831 843 831 843 831 843 862 849 895 855 934 847 968 841 968 841 968 841 971 841 971 841 1005 847 1059 855 1081 845 1085 843 1085 843 1085 843 1088 843 1088 843 1090 843 1090 843 1090 843 1102 845 1145 853 1190 843 1211 839 1211 839 1211 839 1213 839 1262 841 1414 853 1463 839 1471 894 1467 921 1393 907 1122 907 1096 917 1096 917 1094 917 1094 917 1094 917 1092 917 1092 917 1090 917 1090 917 1090 917 1088 917 1088 917 1088 915 1079 909 1055 921 1055 923 1053 923 1053 923 1051 923 1051 923 1051 923 1049 923 1049 923 1046 923 1046 923 1046 923 1044 923 1044 921 1024 909 971 921 962 923 962 923 962 923 962 925 839 925 837 923 837 923 835 923 835 923 835 923 831 921 806 909 755 909 741 921 741 923 741 923 741 923 739 923 739 923 736 923 736 923 736 923 734 923 734 923 734 923 732 923 732 923 730 923 730 923 730 921 710 909 654 909 636 921 632 925 630 925 630 925 630 925 628 925 628 925 626 925 626 925 626 925 624 925 624 925 624 925 617 921 599 911 587 921 585 923 585 925 583 925 583 925 583 925 580 925 580 925 580 925 578 925 578 925 576 925 564 921 525 911 478 921 461 925 461 925 461 927 348 927 346 925 346 925 344 925 344 925 344 925 342 925 338 921 324 913 262 921"/></Shape>
	    <String CONTENT="τ. egli è bene intagliato, se osservarà."
                    HPOS="254"
                    VPOS="839"
                    WIDTH="1217"
                    HEIGHT="88"></String>
          </TextLine>

          
          
          <TextLine ID="eSc_line_16b89c3a"
                    
                    BASELINE="223 1001 1463 993 1722 1009" 
                    HPOS="217"
                    VPOS="927"
                    WIDTH="1507"
                    HEIGHT="113">
            <Shape><Polygon POINTS="223 1001 217 954 268 933 268 933 270 933 270 933 270 933 273 933 486 950 525 931 525 931 525 931 527 931 527 931 529 931 597 931 597 931 597 931 599 931 599 931 599 931 601 931 630 952 704 952 726 933 726 933 728 933 728 933 730 933 730 933 730 933 732 933 732 933 829 948 890 929 893 929 893 929 893 929 895 929 895 929 895 929 973 948 1012 929 1012 929 1012 929 1014 929 1014 929 1016 929 1016 929 1018 929 1094 950 1252 950 1330 927 1332 927 1332 927 1334 927 1461 927 1461 927 1461 927 1463 927 1463 927 1463 927 1465 927 1465 927 1488 946 1621 927 1621 927 1623 927 1623 927 1625 927 1625 927 1625 927 1627 927 1627 927 1652 948 1720 948 1722 1009 1724 1022 1710 1032 1710 1032 1708 1032 1708 1032 1705 1032 1705 1032 1705 1032 1703 1032 1703 1032 1703 1032 1701 1032 1701 1032 1679 1022 1666 1015 1654 1022 1646 1028 1644 1028 1644 1028 1642 1028 1642 1028 1642 1028 1640 1028 1640 1028 1638 1028 1638 1028 1638 1028 1636 1028 1627 1022 1609 1009 1467 1001 1369 1001 1315 1022 1315 1022 1313 1022 1313 1022 1313 1022 1311 1022 1311 1022 1309 1022 1309 1022 1262 1005 1016 1013 1014 1013 1014 1013 944 1001 870 1018 870 1018 870 1018 868 1018 868 1018 790 1005 753 1020 753 1020 751 1020 751 1020 749 1020 749 1020 681 1013 650 1034 648 1034 648 1034 648 1034 646 1034 646 1034 646 1034 644 1034 644 1034 642 1034 570 1015 546 1028 546 1028 546 1028 544 1028 544 1028 541 1028 541 1028 541 1028 539 1028 539 1028 537 1028 537 1028 511 1007 435 1038 435 1038 435 1038 433 1038 433 1038 433 1038 223 1040"/></Shape>
	    <String CONTENT="L’aggradimento che ha avuto per le sud.e mi"
                    HPOS="217"
                    VPOS="927"
                    WIDTH="1507"
                    HEIGHT="113"></String>
          </TextLine>

          
          
          <TextLine ID="eSc_line_a9ce15ed"
                    
                    BASELINE="291 1089 854 1075 1701 1079" 
                    HPOS="287"
                    VPOS="1013"
                    WIDTH="1414"
                    HEIGHT="95">
            <Shape><Polygon POINTS="291 1089 287 1044 406 1042 433 1018 433 1018 435 1018 435 1018 435 1018 437 1018 437 1018 439 1018 478 1018 478 1018 478 1018 480 1018 480 1018 480 1018 482 1018 482 1018 511 1040 513 1042 695 1042 710 1036 730 1030 732 1030 732 1030 732 1030 734 1030 734 1030 736 1030 736 1030 736 1030 739 1030 739 1030 745 1036 749 1040 759 1036 784 1026 784 1026 786 1026 786 1026 788 1026 788 1026 788 1026 790 1026 790 1026 812 1034 815 1036 815 1034 839 1015 839 1015 841 1015 841 1015 841 1015 843 1015 843 1015 845 1015 1090 1015 1090 1015 1090 1015 1092 1015 1135 1030 1161 1038 1205 1028 1229 1024 1229 1024 1229 1024 1231 1024 1231 1024 1231 1024 1254 1028 1291 1036 1303 1028 1317 1013 1317 1013 1320 1013 1320 1013 1320 1013 1322 1013 1322 1013 1322 1013 1324 1013 1324 1013 1326 1013 1375 1026 1418 1036 1471 1024 1480 1024 1480 1024 1480 1024 1482 1024 1494 1024 1623 1036 1697 1022 1701 1079 1699 1081 1603 1102 1603 1102 1603 1104 1424 1104 1422 1102 1422 1102 1420 1102 1420 1102 1420 1102 1389 1087 1381 1083 1264 1083 1237 1089 1213 1096 1211 1096 1211 1096 1209 1096 1209 1096 1209 1096 1207 1096 1207 1096 1192 1089 1178 1085 1122 1091 1065 1098 1065 1098 1063 1098 1063 1098 1061 1098 1061 1098 1049 1093 1030 1085 886 1085 864 1096 851 1102 851 1102 851 1102 849 1102 849 1102 847 1102 847 1102 847 1102 845 1102 845 1102 843 1102 835 1096 815 1085 767 1085 704 1098 663 1106 663 1106 663 1106 661 1106 661 1106 658 1106 658 1106 642 1100 613 1087 568 1100 548 1106 546 1106 546 1106 546 1108 412 1108 410 1106 410 1106 408 1106 408 1106 408 1106 402 1104 385 1093 367 1104 365 1106 363 1106 363 1106 361 1106 361 1106 361 1106 359 1106 289 1104"/></Shape>
	    <String CONTENT="obbliga, o per meglio dire mi da coraggio"
                    HPOS="287"
                    VPOS="1013"
                    WIDTH="1414"
                    HEIGHT="95"></String>
          </TextLine>

          
          
          <TextLine ID="eSc_line_113c539d"
                    
                    BASELINE="307 1171 1141 1161 1720 1169" 
                    HPOS="299"
                    VPOS="1104"
                    WIDTH="1421"
                    HEIGHT="102">
            <Shape><Polygon POINTS="307 1171 299 1122 324 1106 326 1106 326 1106 326 1106 328 1106 328 1106 330 1106 388 1106 388 1106 388 1106 390 1106 390 1106 429 1122 439 1126 502 1122 751 1106 753 1106 753 1106 753 1106 755 1106 755 1106 757 1106 757 1106 757 1108 776 1122 780 1126 810 1122 917 1110 917 1110 919 1110 919 1110 1018 1122 1032 1124 1044 1122 1151 1104 1151 1104 1153 1104 1153 1104 1153 1104 1155 1104 1155 1104 1196 1122 1198 1124 1198 1122 1219 1106 1219 1106 1221 1106 1221 1106 1221 1106 1223 1106 1223 1106 1223 1106 1344 1104 1346 1104 1346 1104 1348 1104 1348 1104 1400 1122 1406 1124 1529 1124 1529 1122 1556 1110 1556 1110 1556 1110 1558 1110 1558 1110 1558 1110 1560 1110 1718 1124 1720 1169 1716 1202 1687 1192 1531 1200 1461 1202 1459 1202 1459 1202 1457 1202 1457 1202 1457 1202 1449 1198 1395 1171 1237 1171 1215 1182 1215 1182 1215 1182 1213 1182 1213 1182 1211 1182 1211 1182 1211 1182 1209 1182 1184 1174 1159 1192 1159 1192 1157 1192 1157 1192 1155 1192 1155 1192 1155 1192 1153 1192 1153 1192 1153 1192 1151 1192 1151 1192 1102 1171 1065 1182 1063 1182 1063 1182 1061 1182 1061 1182 985 1174 964 1190 948 1204 948 1204 946 1204 946 1204 946 1204 944 1204 944 1204 944 1204 862 1206 860 1206 860 1206 858 1206 858 1206 858 1206 856 1206 829 1188 812 1176 759 1174 609 1184 595 1184 593 1184 593 1184 593 1184 591 1184 589 1184 560 1174 529 1182 466 1200 463 1200 463 1200 461 1200 461 1200 305 1178"/></Shape>
	    <String CONTENT="di trasmetterle la seg.te che si trova appress"
                    HPOS="299"
                    VPOS="1104"
                    WIDTH="1421"
                    HEIGHT="102"></String>
          </TextLine>

          
          
          <TextLine ID="eSc_line_0a2593f2"
                    
                    BASELINE="305 1256 1266 1247 1714 1264" 
                    HPOS="301"
                    VPOS="1188"
                    WIDTH="1413"
                    HEIGHT="92">
            <Shape><Polygon POINTS="305 1256 301 1190 363 1188 365 1188 365 1188 367 1188 367 1188 367 1188 371 1190 414 1213 500 1213 537 1192 537 1192 537 1192 537 1192 539 1192 539 1192 539 1192 541 1192 541 1192 544 1192 544 1192 544 1192 544 1192 583 1213 831 1213 870 1198 872 1198 872 1198 872 1198 874 1198 874 1198 936 1204 952 1196 973 1188 973 1188 975 1188 975 1188 975 1188 977 1188 1088 1192 1088 1192 1088 1192 1090 1192 1090 1192 1090 1192 1092 1192 1100 1198 1116 1210 1151 1200 1188 1188 1190 1188 1190 1188 1190 1188 1192 1188 1192 1188 1289 1200 1303 1202 1317 1202 1414 1188 1414 1188 1416 1188 1416 1188 1418 1188 1418 1188 1418 1188 1447 1202 1463 1210 1666 1208 1669 1206 1681 1194 1681 1194 1683 1194 1683 1194 1683 1194 1685 1194 1685 1194 1685 1194 1687 1194 1687 1194 1689 1194 1689 1194 1689 1194 1714 1206 1714 1264 1710 1274 1578 1266 1560 1274 1549 1278 1549 1278 1547 1278 1547 1278 1547 1280 1317 1280 1315 1278 1315 1278 1313 1278 1313 1278 1313 1278 1311 1278 1311 1278 1311 1276 1305 1272 1289 1258 1225 1270 1225 1270 1225 1270 1223 1270 1223 1270 1221 1270 1221 1270 1221 1270 1219 1270 1198 1258 1040 1268 1038 1268 1038 1268 936 1258 895 1270 876 1274 874 1274 874 1274 874 1274 872 1274 800 1268 763 1266 757 1268 745 1278 743 1278 743 1278 743 1278 741 1278 741 1278 739 1278 739 1278 739 1278 685 1268 638 1258 615 1268 607 1270 607 1270 605 1270 605 1270 605 1272 603 1270 603 1270 601 1270 601 1270 593 1268 570 1258 431 1258 420 1266 412 1272 410 1272 410 1272 410 1272 408 1272 408 1272 408 1272 406 1272 303 1264"/></Shape>
	    <String CONTENT="di me in un pezzo di pietra trasportata"
                    HPOS="301"
                    VPOS="1188"
                    WIDTH="1413"
                    HEIGHT="92"></String>
          </TextLine>

          
          
          <TextLine ID="eSc_line_0c84ee27"
                    
                    BASELINE="299 1340 1242 1336 1714 1350" 
                    HPOS="295"
                    VPOS="1272"
                    WIDTH="1419"
                    HEIGHT="103">
            <Shape><Polygon POINTS="299 1340 295 1278 336 1272 336 1272 338 1272 338 1272 338 1272 340 1272 340 1272 342 1272 351 1278 369 1288 416 1278 435 1274 435 1274 435 1274 437 1274 437 1274 439 1274 453 1278 507 1293 562 1278 585 1272 587 1272 587 1272 589 1272 589 1272 589 1272 591 1272 591 1272 591 1272 603 1278 636 1297 710 1297 757 1278 763 1276 763 1276 765 1276 765 1276 767 1276 767 1276 767 1276 769 1276 769 1276 769 1276 771 1276 771 1276 773 1278 794 1297 821 1297 849 1278 858 1272 860 1272 860 1272 860 1272 862 1272 862 1272 864 1272 864 1272 864 1272 866 1272 866 1272 866 1272 868 1272 876 1278 903 1297 954 1297 1100 1278 1112 1278 1112 1278 1114 1278 1114 1278 1116 1278 1120 1278 1166 1291 1192 1278 1205 1274 1205 1274 1207 1274 1207 1274 1209 1274 1340 1274 1340 1274 1340 1274 1342 1274 1342 1274 1354 1280 1381 1291 1430 1280 1449 1276 1449 1276 1449 1276 1451 1276 1451 1276 1453 1276 1453 1276 1453 1276 1461 1280 1484 1291 1515 1280 1519 1278 1519 1278 1521 1278 1521 1278 1523 1278 1523 1278 1523 1278 1525 1278 1525 1278 1525 1278 1529 1280 1562 1299 1671 1299 1708 1280 1714 1350 1712 1375 1644 1375 1642 1373 1642 1373 1640 1373 1640 1373 1640 1373 1638 1373 1638 1373 1613 1356 1517 1371 1494 1373 1494 1373 1492 1373 1492 1373 1490 1373 1476 1369 1412 1352 1381 1364 1381 1364 1379 1364 1379 1364 1379 1364 1377 1364 1377 1364 1377 1364 1375 1364 1375 1364 1373 1364 1373 1364 1373 1362 1356 1350 1264 1350 1231 1364 1221 1369 1221 1369 1219 1369 1219 1369 1219 1369 1217 1369 1217 1369 1215 1369 1215 1369 1203 1364 1164 1350 1141 1362 1127 1373 1124 1373 1124 1373 1124 1373 1122 1373 1122 1373 1122 1375 971 1375 968 1373 968 1373 966 1373 966 1373 966 1373 964 1373 964 1373 948 1358 942 1356 925 1358 856 1371 856 1371 854 1371 854 1371 854 1371 851 1371 798 1356 782 1352 773 1356 753 1366 753 1366 753 1366 751 1366 751 1366 751 1366 749 1366 749 1366 675 1354 636 1348 597 1352 505 1364 505 1364 502 1364 502 1364 502 1364 500 1364 457 1350 449 1348 299 1348"/></Shape>
	    <String CONTENT="da Morea. Voleua supplirla, perchè come"
                    HPOS="295"
                    VPOS="1272"
                    WIDTH="1419"
                    HEIGHT="103"></String>
          </TextLine>

          
          
          <TextLine ID="eSc_line_feb2af32"
                    
                    BASELINE="301 1440 1675 1420" 
                    HPOS="293"
                    VPOS="1373"
                    WIDTH="1382"
                    HEIGHT="84">
            <Shape><Polygon POINTS="301 1440 293 1408 322 1387 324 1387 324 1387 324 1387 326 1387 326 1387 326 1387 435 1385 437 1385 437 1385 541 1401 710 1381 712 1381 782 1381 782 1381 782 1381 784 1381 784 1381 831 1397 897 1379 899 1379 899 1379 901 1379 962 1379 962 1379 962 1379 964 1379 964 1379 964 1379 966 1379 966 1379 987 1395 1088 1377 1088 1377 1090 1377 1090 1377 1090 1377 1157 1389 1176 1375 1176 1375 1178 1375 1178 1375 1178 1375 1180 1375 1180 1375 1182 1375 1182 1375 1182 1375 1258 1391 1289 1373 1291 1373 1291 1373 1293 1373 1293 1373 1293 1373 1295 1373 1295 1373 1297 1373 1361 1389 1482 1389 1539 1373 1541 1373 1541 1373 1543 1373 1543 1373 1543 1373 1545 1373 1545 1373 1545 1373 1547 1373 1568 1387 1671 1387 1675 1420 1673 1438 301 1457"/></Shape>
	    <String CONTENT="osservarà ella è mancante, ma non"
                    HPOS="293"
                    VPOS="1373"
                    WIDTH="1382"
                    HEIGHT="84"></String>
          </TextLine>

          
          
          <TextLine ID="eSc_line_55b99d70"
                    
                    BASELINE="312 1545 597 1535 1726 1537" 
                    HPOS="307"
                    VPOS="1471"
                    WIDTH="1419"
                    HEIGHT="99">
            <Shape><Polygon POINTS="312 1545 307 1496 340 1494 369 1471 369 1471 371 1471 371 1471 373 1471 373 1471 373 1471 375 1471 375 1471 375 1471 377 1471 443 1494 468 1494 611 1494 615 1492 640 1477 640 1477 640 1477 642 1477 642 1477 642 1477 644 1477 644 1477 644 1477 646 1477 683 1490 689 1492 691 1490 720 1471 722 1471 722 1471 722 1471 724 1471 724 1471 724 1471 726 1471 726 1471 728 1471 794 1488 808 1492 817 1488 835 1479 835 1479 835 1479 837 1479 837 1479 839 1479 839 1479 839 1479 841 1479 870 1488 878 1490 884 1488 911 1473 911 1473 911 1473 913 1473 913 1473 915 1473 915 1473 915 1473 917 1473 962 1486 968 1488 985 1486 1098 1471 1098 1471 1100 1471 1100 1471 1100 1471 1102 1471 1102 1471 1102 1471 1104 1471 1122 1483 1135 1494 1252 1494 1270 1481 1285 1475 1285 1475 1285 1475 1287 1475 1287 1475 1289 1475 1289 1475 1352 1481 1449 1492 1465 1479 1476 1471 1476 1471 1478 1471 1478 1471 1478 1471 1480 1471 1480 1471 1482 1471 1591 1471 1591 1471 1591 1471 1593 1471 1593 1471 1595 1471 1595 1471 1603 1477 1623 1494 1664 1494 1687 1477 1693 1471 1693 1471 1695 1471 1695 1471 1697 1471 1697 1471 1697 1471 1699 1471 1699 1471 1699 1471 1724 1477 1726 1537 1724 1551 1650 1568 1650 1568 1650 1570 1496 1570 1494 1568 1494 1568 1492 1568 1492 1568 1492 1568 1463 1553 1443 1545 1369 1545 1342 1555 1309 1568 1309 1568 1307 1568 1307 1568 1305 1568 1305 1568 1305 1568 1254 1555 1227 1549 1217 1555 1200 1568 1198 1568 1198 1568 1198 1568 1196 1568 1196 1568 1196 1570 1141 1570 1139 1568 1139 1568 1137 1568 1104 1557 1069 1545 966 1557 944 1559 944 1559 942 1559 942 1559 942 1559 940 1559 940 1559 936 1557 905 1545 860 1557 847 1561 845 1561 845 1561 843 1561 843 1561 843 1561 841 1561 841 1561 841 1561 835 1559 808 1545 700 1555 700 1555 697 1555 697 1555 615 1545 556 1561 527 1568 525 1568 525 1568 523 1568 523 1568 470 1561 377 1549 312 1561"/></Shape>
	    <String CONTENT="ho mai ritrovato il tempo, ne ho saputo"
                    HPOS="307"
                    VPOS="1471"
                    WIDTH="1419"
                    HEIGHT="99"></String>
          </TextLine>

          
          
          <TextLine ID="eSc_line_03c49ad2"
                    
                    BASELINE="301 1637 761 1633" 
                    HPOS="295"
                    VPOS="1557"
                    WIDTH="466"
                    HEIGHT="105">
            <Shape><Polygon POINTS="301 1637 295 1586 348 1559 348 1559 348 1559 351 1559 351 1559 351 1559 496 1557 498 1557 498 1557 500 1557 500 1557 500 1557 502 1557 502 1557 521 1574 525 1578 564 1582 714 1582 751 1559 761 1633 757 1656 566 1646 531 1658 531 1658 529 1658 529 1658 527 1658 527 1658 527 1658 525 1658 488 1648 474 1660 474 1660 472 1660 472 1660 472 1660 472 1660 470 1660 470 1660 468 1660 468 1660 466 1660 355 1648 303 1662"/></Shape>
	    <String CONTENT="farlo ancora."
                    HPOS="295"
                    VPOS="1557"
                    WIDTH="466"
                    HEIGHT="105"></String>
          </TextLine>

          
          
          <TextLine ID="eSc_line_c144183c"
                    
                    BASELINE="205 1707 1182 1713 1740 1726" 
                    HPOS="205"
                    VPOS="1627"
                    WIDTH="1535"
                    HEIGHT="121">
            <Shape><Polygon POINTS="205 1707 205 1654 250 1654 250 1652 281 1627 281 1627 283 1627 283 1627 283 1627 285 1627 285 1627 287 1627 287 1627 287 1627 289 1627 289 1627 291 1627 328 1650 381 1631 383 1631 383 1631 383 1631 385 1631 385 1631 385 1631 388 1631 449 1652 476 1635 478 1635 478 1635 478 1635 480 1635 480 1635 482 1635 554 1637 554 1637 554 1637 556 1637 556 1637 556 1637 558 1637 574 1650 599 1633 601 1633 601 1633 601 1633 603 1633 603 1633 605 1633 605 1633 605 1633 700 1652 732 1660 800 1660 821 1652 880 1633 882 1633 882 1633 884 1633 1028 1635 1028 1635 1028 1635 1030 1635 1030 1635 1030 1635 1032 1635 1049 1648 1096 1635 1098 1635 1098 1635 1100 1635 1266 1637 1266 1637 1266 1637 1268 1637 1268 1637 1303 1652 1336 1664 1402 1654 1402 1654 1404 1654 1404 1654 1504 1664 1535 1652 1539 1650 1539 1650 1541 1650 1541 1650 1541 1650 1543 1650 1543 1650 1556 1652 1607 1660 1621 1652 1636 1642 1638 1642 1638 1642 1638 1642 1640 1642 1640 1642 1642 1642 1642 1642 1738 1652 1740 1726 1740 1728 1714 1742 1714 1742 1714 1742 1712 1742 1712 1742 1712 1742 1710 1742 1710 1742 1636 1732 1605 1748 1605 1748 1605 1748 1603 1748 1603 1748 1603 1748 1601 1748 1387 1730 1336 1726 1270 1726 1262 1730 1239 1744 1237 1744 1237 1744 1237 1744 1235 1744 1235 1744 1233 1744 1233 1744 1233 1744 1168 1730 1133 1724 1065 1724 1053 1730 1042 1738 1040 1738 1040 1738 1040 1738 1038 1738 1038 1738 1038 1738 1036 1738 1036 1738 985 1732 971 1730 968 1732 950 1742 948 1742 948 1742 946 1742 946 1742 946 1742 944 1742 944 1742 858 1732 773 1722 732 1732 710 1738 708 1738 708 1738 706 1738 706 1738 706 1738 704 1738 704 1738 704 1738 693 1732 669 1719 615 1732 591 1738 591 1738 591 1738 589 1738 589 1738 587 1738 568 1734 519 1719 480 1734 472 1736 472 1736 470 1736 470 1736 468 1736 468 1736 439 1734 363 1726 318 1734 314 1734 314 1734 312 1734 312 1734 312 1734 309 1734 309 1734 258 1717 205 1734"/></Shape>
	    <String CONTENT="Ancorchè Io non abbi alcun merito che quello"
                    HPOS="205"
                    VPOS="1627"
                    WIDTH="1535"
                    HEIGHT="121"></String>
          </TextLine>

          
          
          <TextLine ID="eSc_line_7e2c87e5"
                    
                    BASELINE="293 1810 1278 1814 1718 1830" 
                    HPOS="289"
                    VPOS="1732"
                    WIDTH="1429"
                    HEIGHT="119">
            <Shape><Polygon POINTS="293 1810 289 1761 383 1732 385 1732 385 1732 385 1732 388 1732 388 1732 390 1732 390 1732 390 1732 392 1732 392 1732 404 1742 416 1732 416 1732 418 1732 418 1732 418 1732 420 1732 420 1732 422 1732 644 1734 644 1734 644 1734 646 1734 646 1734 646 1734 648 1734 693 1765 697 1767 771 1767 773 1765 821 1736 823 1736 823 1736 823 1736 825 1736 825 1736 827 1736 827 1736 827 1736 952 1763 1073 1738 1073 1738 1073 1738 1075 1738 1075 1738 1077 1738 1077 1738 1077 1738 1079 1738 1079 1738 1116 1769 1116 1769 1120 1769 1166 1754 1168 1754 1168 1754 1170 1754 1170 1754 1170 1754 1239 1769 1242 1771 1437 1771 1439 1771 1476 1742 1476 1742 1478 1742 1478 1742 1480 1742 1480 1742 1480 1742 1482 1742 1482 1742 1484 1742 1484 1742 1484 1742 1486 1742 1486 1742 1523 1773 1523 1773 1525 1773 1576 1748 1576 1748 1578 1748 1578 1748 1578 1748 1580 1748 1580 1748 1582 1748 1582 1748 1582 1748 1584 1748 1621 1773 1716 1775 1718 1830 1716 1851 1591 1851 1588 1849 1588 1849 1586 1849 1586 1849 1584 1849 1543 1832 1490 1832 1459 1847 1459 1847 1459 1847 1459 1847 1457 1847 1457 1847 1455 1847 1455 1847 1455 1847 1453 1847 1453 1847 1453 1847 1418 1832 1385 1845 1385 1845 1383 1845 1383 1845 1381 1845 1381 1845 1381 1845 1320 1834 1307 1843 1305 1843 1305 1843 1305 1843 1303 1843 1303 1843 1301 1843 1301 1843 1301 1843 1299 1843 1299 1843 1260 1828 1139 1828 1106 1843 1106 1843 1104 1843 1104 1843 1104 1843 1102 1843 1102 1843 1001 1828 981 1843 979 1843 979 1843 979 1843 979 1843 977 1843 977 1843 975 1843 975 1843 975 1843 973 1843 973 1843 919 1826 890 1841 890 1841 890 1841 888 1841 888 1841 886 1841 886 1841 886 1841 825 1830 691 1841 677 1841 675 1841 675 1841 675 1841 673 1841 673 1841 671 1841 636 1826 607 1834 605 1834 605 1834 603 1834 603 1834 445 1820 394 1834 392 1834 392 1834 392 1834 390 1834 390 1834 388 1834 330 1820 295 1836"/></Shape>
	    <String CONTENT="che V.S. Illma mi da coll’onorarmi del suo"
                    HPOS="289"
                    VPOS="1732"
                    WIDTH="1429"
                    HEIGHT="119"></String>
          </TextLine>

          
          
          <TextLine ID="eSc_line_60792717"
                    
                    BASELINE="293 1906 1180 1902 1749 1921" 
                    HPOS="287"
                    VPOS="1834"
                    WIDTH="1462"
                    HEIGHT="111">
            <Shape><Polygon POINTS="293 1906 287 1857 353 1834 355 1834 355 1834 355 1834 357 1834 357 1834 359 1834 359 1834 418 1857 422 1859 626 1859 632 1855 663 1836 665 1836 665 1836 665 1836 667 1836 667 1836 669 1836 880 1841 880 1841 880 1841 882 1841 882 1841 882 1841 909 1855 919 1859 936 1855 975 1843 977 1843 977 1843 977 1843 979 1843 979 1843 981 1843 981 1843 981 1843 983 1843 999 1855 1005 1859 1106 1861 1127 1853 1161 1841 1161 1841 1164 1841 1164 1841 1166 1841 1166 1841 1168 1841 1219 1853 1252 1863 1402 1863 1439 1853 1467 1847 1467 1847 1467 1847 1469 1847 1469 1847 1471 1847 1471 1847 1471 1847 1473 1847 1473 1847 1480 1853 1494 1865 1521 1865 1537 1853 1549 1843 1549 1843 1552 1843 1552 1843 1554 1843 1554 1843 1554 1843 1556 1843 1747 1853 1749 1921 1744 1943 1644 1925 1609 1941 1605 1943 1605 1943 1605 1943 1603 1943 1603 1943 1603 1945 1478 1945 1476 1943 1476 1943 1473 1943 1473 1943 1459 1937 1389 1910 1352 1921 1350 1921 1350 1921 1348 1921 1348 1921 1348 1921 1295 1910 1246 1933 1229 1941 1229 1941 1229 1941 1227 1941 1227 1941 1227 1943 1098 1943 1096 1941 1096 1941 1094 1941 1094 1941 1094 1941 1092 1941 1092 1941 1079 1931 1059 1912 1020 1929 1010 1933 1010 1933 1007 1933 1007 1933 1007 1933 1005 1933 1005 1933 1003 1933 1003 1933 1003 1933 1001 1933 995 1929 971 1912 882 1910 541 1910 529 1919 521 1925 519 1925 519 1925 519 1925 517 1925 517 1925 515 1925 515 1925 515 1925 513 1925 488 1917 466 1910 449 1917 439 1921 439 1921 437 1921 437 1921 437 1921 435 1921 435 1921 433 1921 433 1921 433 1921 422 1917 410 1910 381 1914 336 1923 336 1923 334 1923 334 1923 334 1923 291 1912"/></Shape>
	    <String CONTENT="Amore, e della sua protezzione, è supplica-"
                    HPOS="287"
                    VPOS="1834"
                    WIDTH="1462"
                    HEIGHT="111"></String>
          </TextLine>

          
          
          <TextLine ID="eSc_line_a7597f4a"
                    
                    BASELINE="301 2007 605 1997 1734 2005" 
                    HPOS="297"
                    VPOS="1939"
                    WIDTH="1437"
                    HEIGHT="92">
            <Shape><Polygon POINTS="301 2007 297 1951 351 1939 351 1939 351 1939 353 1939 353 1939 353 1939 355 1939 355 1939 357 1939 357 1939 371 1951 385 1960 443 1949 455 1949 455 1949 457 1949 457 1949 459 1949 459 1949 459 1949 461 1949 482 1962 613 1962 646 1949 677 1941 679 1941 679 1941 679 1941 681 1941 681 1941 683 1941 683 1941 683 1941 685 1941 700 1949 716 1960 843 1951 845 1951 845 1951 966 1962 987 1949 997 1943 999 1943 999 1943 1001 1943 1001 1943 1003 1943 1124 1943 1124 1943 1124 1943 1127 1943 1127 1943 1127 1943 1129 1943 1137 1949 1157 1962 1252 1949 1272 1947 1272 1947 1274 1947 1274 1947 1274 1947 1276 1947 1276 1947 1281 1949 1301 1958 1311 1949 1313 1947 1313 1947 1315 1947 1315 1947 1315 1947 1317 1947 1317 1947 1320 1947 1320 1947 1320 1947 1322 1947 1328 1949 1381 1966 1517 1966 1572 1949 1578 1947 1580 1947 1580 1947 1582 1947 1582 1947 1582 1947 1584 1947 1584 1947 1584 1947 1588 1949 1609 1960 1644 1949 1654 1945 1656 1945 1656 1945 1656 1945 1658 1945 1732 1949 1734 2005 1734 2009 1689 2029 1689 2029 1687 2029 1687 2029 1687 2031 1558 2031 1556 2029 1556 2029 1554 2029 1494 2011 1490 2011 1488 2011 1449 2021 1447 2021 1447 2021 1445 2021 1445 2021 1377 2011 1365 2011 1361 2013 1320 2029 1320 2029 1317 2029 1317 2029 1317 2029 1315 2029 1315 2029 1315 2029 1242 2013 1239 2013 1237 2013 1192 2027 1190 2027 1190 2027 1190 2027 1188 2027 1188 2027 1188 2027 1131 2013 1108 2009 1083 2015 1032 2027 1030 2027 1030 2027 1028 2027 1028 2027 954 2015 927 2011 919 2015 901 2027 899 2027 899 2027 897 2027 897 2027 897 2027 895 2027 895 2027 893 2027 893 2027 862 2015 858 2015 856 2015 835 2023 835 2023 833 2023 833 2023 831 2023 831 2023 831 2023 829 2023 829 2023 829 2023 827 2023 827 2023 819 2017 806 2007 301 2019"/></Shape>
	    <String CONTENT="ta a continuarmi le sue Grazie e a consi-"
                    HPOS="297"
                    VPOS="1939"
                    WIDTH="1437"
                    HEIGHT="92"></String>
          </TextLine>

          
          
          <TextLine ID="eSc_line_9fd6b2c7"
                    
                    BASELINE="299 2087 1443 2093" 
                    HPOS="295"
                    VPOS="2019"
                    WIDTH="1148"
                    HEIGHT="105">
            <Shape><Polygon POINTS="299 2087 295 2034 336 2019 338 2019 338 2019 338 2019 340 2019 340 2019 342 2019 342 2019 379 2034 414 2046 728 2036 730 2036 915 2048 946 2034 968 2021 968 2021 968 2021 971 2021 971 2021 973 2021 1116 2025 1116 2025 1116 2025 1118 2025 1118 2025 1120 2025 1120 2025 1129 2031 1145 2044 1239 2031 1320 2023 1320 2023 1322 2023 1322 2023 1324 2023 1324 2023 1324 2023 1326 2023 1338 2031 1367 2050 1398 2031 1412 2025 1412 2025 1412 2025 1414 2025 1414 2025 1414 2025 1416 2025 1416 2025 1418 2025 1418 2025 1418 2025 1420 2025 1420 2025 1420 2027 1426 2031 1430 2036 1434 2031 1443 2093 1443 2107 1416 2122 1416 2122 1416 2122 1414 2122 1414 2122 1414 2124 1264 2124 1262 2122 1262 2122 1260 2122 1260 2122 1260 2122 1258 2122 1258 2122 1239 2105 1229 2097 1217 2105 1207 2114 1205 2114 1205 2114 1205 2114 1203 2114 1203 2114 1203 2114 1200 2114 1200 2114 1198 2114 1198 2114 1198 2114 1196 2114 1184 2105 1168 2095 1100 2105 1090 2105 1090 2105 1088 2105 1088 2105 1088 2105 1085 2105 1085 2105 1085 2105 1083 2105 1083 2105 1083 2105 1083 2103 1073 2095 907 2095 888 2103 868 2112 868 2112 866 2112 866 2112 866 2112 864 2112 864 2112 864 2112 862 2112 862 2112 841 2103 823 2095 782 2101 759 2105 759 2105 757 2105 757 2105 757 2105 739 2101 706 2095 583 2101 468 2105 466 2105 466 2105 420 2099 390 2095 383 2099 369 2107 367 2107 367 2107 365 2107 365 2107 365 2107 363 2107 363 2107 295 2097"/></Shape>
	    <String CONTENT="derarmi veramte. qle mi protesto"
                    HPOS="295"
                    VPOS="2019"
                    WIDTH="1148"
                    HEIGHT="105"></String>
          </TextLine>

          
        </TextBlock>
        
      </PrintSpace>
    </Page>
  </Layout>
</alto>
