2075 2754
165 471 1726 215 Il mio Cuore divoto, che professa tutto l’interesse nella

261 667 1621 117 preservazione della Persona riverita di V.S. Illma, non

266 764 1572 112 trascura anche in congiontura del S.to Natale di

263 858 1619 115 bramarle ogni maggior felicità; e però non posso

277 952 1621 133 dispensarmi dopo un lungo silenzio dal significarglie

259 1060 1620 126 lo con la pnte, e rassegnarle tutto me stesso. Ag-

266 1163 1625 119 gradisca con quella Gentilezza che la qualifica que-

250 1259 1639 113 sto mio riverente sentim.to, e lo distingua con

252 1351 1643 122 l’onore de’ suoi desiderati comandam.ti continuandomi

238 1459 1657 133 l’onor della sua padronanza, e assicurandosi che

243 1562 826 92 sono, e sarò costantem.te

181 1709 1719 143 P.S. mi son capitate nelle mani questa sera certe osserva-

282 1803 1627 115 zioni sopra una Lett.a etc. Io (se pur non m’inganno)

270 1872 1616 124 le ho dallo stile riconosciute per parto della sua molta

275 1955 1611 126 erudizione, e del suo raro talento. Ho cominciato a leggerle

273 2033 1606 122 con curiosità, e con soddisfazione, vedendo a bel principio ben

273 2102 1629 137 difesa la causa del R. I. e la Causa degli Estensi. L’Auttore della

280 2203 1469 98 Lettera, ch’è nostro comune Amico, non so se vorà nuovi

263 2276 1619 97 impaccj. Continuarò a leggerle, e avrò piacere di farne poi

277 2345 1635 117 quel giudicio, che inaudita parte non ho mai voluto precipitare.
