1910 2637
211 529 1556 112 Ingionta cartuccia) Gio. Alberto Fabbricio professor d’

248 619 1541 123 Hamburgo nella sua Biblioteca Greca a proposito

261 692 1517 136 di certa Iscrizzione Greca da me pubblicata nell’anno

259 766 1536 145 1697. Ora, avendo desiderio di considerarla di nuo-

257 865 1514 134 vo e vedere se reggono le asserzioni del Rostgaard

246 942 1538 132 che la comunicò al Sud. Fabbricio, ne ritrovandosi

246 1024 1534 140 la d.a iscrizzione più in Ven. ma nella Galleria

252 1116 1543 118 del Sereniss.mo di Parma, premeria che alcuno me la

257 1204 1547 129 procurasse di nuovo rilevata dal marmo con le

232 1276 1561 154 diligenze solite ad usarsi da’ Collettori d’Iscrizzioni

241 1380 1572 145 antiche, e che Io allora non pratticai per non aver-

243 1483 1543 123 ne certa sperienza. Sarà facile a Lei averla col

246 1560 1551 143 mezzo del Bibliotec.rio di S. A., ò del P. Pedrusi; On-

246 1659 1507 131 de mi prendo la Confidenza di riccorrer a Lei,

248 1736 1547 147 e d’incomodarla sicuro che in questa mia oc-

232 1826 1550 140 correnza non lasciarà d’obbligarmi al solito con

237 1909 1569 139 la sua connaturale Gentilezza, e cortesia. Voglio

228 2015 1552 120 sperar poi, che unisca a questo il favore de suoi

241 2092 1554 131 comandam.ti ancora, de qli distintam.te la supplico de-

230 2173 1517 140 sideroso di comprovarle che sono veram.te qle

232 2267 833 90 ambisco d’essere, e mi dico
