1976 2629
195 637 1596 121 continuazione dell’Amore di V.S. Illma verso la mia Perso-

197 738 1546 103 na, ancorchè per mezzo di Lui non abbia mai tralasciato

197 812 1564 127 di rassegnarle i miei rispetti, e rendere Lei pure certa

190 889 1579 127 della costanza della mia corrispondenza; nientedimeno,

190 988 1608 129 prima che fornisca quest’anno, Io non posso dispen-

179 1069 1630 131 sarmi dal riverirla direttam.te con le mie lettere anco-

192 1169 1595 123 ra, e avanzarle con la pnte un testimonio della

175 1244 1629 142 mia Osseruanza. Non creda che Io vada all’usan-

186 1334 1581 153 za del Volgo, e mi esprima con quei sentim.ti, che in

182 1426 1625 147 tai tempi sogliono aversi famigliari dalla maggior

179 1513 1621 158 parte degli Uomini; Anche fuor delle pnti congiontu-

199 1605 1594 149 re, nelle qli si è ben potuta ritrovar angustiata co-

190 1697 1603 138 desta sua Patria, non mai però la sua rara Virtù, ho

179 1792 1619 138 come sempre lo faccio, conceputi i voti più fervo-

192 1884 1582 129 rosi per la prosperità e conservazione di V.S.Illma e ad

186 1967 1623 138 onor della nostra Italia, e a beneficio del mondo Lette-

195 2072 1644 158 rario. S’aggiugne all’esercizio del mio dovere

197 2155 1614 132 il bisogno che tengo pntemente delle sue pregiatiss.me

206 2247 1557 119 Grazie. Il S.e Ab. Fontanini mi onorò gia da settimane
