1860 2404
168 430 1429 94 molto onorato quando potessi giugnere

184 510 1447 99 a tanto di ultimare il disegno che ho in

186 588 1465 109 capo, ed è di metter in luce alcuna delle

188 671 1461 124 mie dissertazioni sulle Iscrizioni antiche

180 765 1475 118 che si trovano in Venezia e nelle sue Iso-

172 859 1493 114 lette, con in Frontispicio il di lei nome riverito.

150 959 1519 110 Ma Fra Noi, mi permetta questa Confidenza

182 1053 1491 120 VS. Illma, non devono passare cerimonie,

190 1155 1483 127 ne complimenti. Le nostre lettere non han -

184 1244 1483 148 no da rubbarci ql tempo che può spendersi

182 1364 1511 106 in altra occupazione con qualche nostro van-

178 1464 238 82 tagio.

142 1510 1533 110 Aproposito delle Iscrizzioni La 3.a tale quale Io la

156 1608 1513 96 ho letta, e riletta, la ho rescritta ancora, e può

176 1690 1471 88 assicurarsi che nell’altra parte della Pietra, ne in

180 1774 1497 95 altro luogo per diligenza da me usata appaiono ve-

194 1853 1477 98 stigi d’altre lettere. Nella prima certamente

186 1935 1507 102 il ΤΗ è scritto cosi ΤH; Al dir il vero nel copiarla

182 2027 1477 84 ho attribuito la maniera strana di scrivere il Τ

174 2101 1511 118 aErrore dello scultore, supponendo che voglia sta-
