2043 2754
220 704 1648 124 Mi ha consegnato il S.e Appostolo Zeno un esemplare dell’

319 800 1595 120 opera ultimam.te pubblicata da V.S. Illma della Perfetta

305 895 1579 126 Poesia Italiana, dicendomi, ch’egli è un dono, che

321 1000 1598 101 mi viene dalla di Lei mano. Io, che non so di avere

314 1085 1579 122 appo di Lei sin ora altro merito, che un vivo desiderio

312 1193 1600 108 di ben servirla, considerandolo come un chiaro testimonio

305 1287 1602 108 della sua molta Gentilezza verso la mia persona, ne le

305 1393 1611 119 professo le maggiori obbligazioni, e ne le rendo divotissime

305 1489 1607 133 grazie. Intanto come leggendolo avrò occasione di approfit-

303 1595 1590 119 tarmi delle sue dotte osservazioni, e de’ savj giudicj sù de’

293 1693 1607 126 componim.ti che riferisce, cosi dandogli luogo cospicuo fra

291 1790 1621 117 i pochi libri che mi ritrovo portarò un grande ornam.to alla

289 1881 1609 127 mia povera Libreria, ed avrò sempre avanti gli occhi un

282 1969 1602 137 forte motivo di procurarmi le congionture di corrispondere in

284 2079 1621 137 parte a’ suoi preziosi favori. A tal fine supplicandola perora

266 2177 1614 111 dell’onore de’ suoi comandam.ti, e rassegnandole la mia

270 2274 1389 105 osservanza, protesto d’essere veram.te qle mi dico
